/home/paul/Documents/References/JSDM.bib